<record><leader>00000cas a22000007a 4500</leader><controlfield tag="001">39709567</controlfield><controlfield tag="008">980818c19979999njuwr ne      0   a0eng c</controlfield><datafield ind1=" " ind2=" " tag="010"><subfield code="a">sn 98008024 </subfield></datafield><datafield ind1=" " ind2=" " tag="040"><subfield code="a">NSD</subfield><subfield code="b">eng</subfield><subfield code="c">NSD</subfield><subfield code="d">OCLCQ</subfield></datafield><datafield ind1=" " ind2=" " tag="012"><subfield code="l">1</subfield></datafield><datafield ind1="1" ind2=" " tag="022"><subfield code="a">1520-5991</subfield><subfield code="l">1520-5991</subfield><subfield code="2">1</subfield></datafield><datafield ind1=" " ind2=" " tag="037"><subfield code="b">Catamaran Media, 3129 Fire Rd., Egg Harbor Twp., NJ 08234</subfield><subfield code="c">$30.00</subfield></datafield><datafield ind1=" " ind2=" " tag="042"><subfield code="a">nsdp</subfield><subfield code="a">pcc</subfield></datafield><datafield ind1="0" ind2=" " tag="130"><subfield code="a">Current (Hamilton (Atlantic County, N.J. : Township))</subfield></datafield><datafield ind1=" " ind2="0" tag="222"><subfield code="a">Current</subfield><subfield code="b">(Hamilton (Atlantic County, N.J. : Township))</subfield></datafield><datafield ind1="1" ind2="0" tag="245"><subfield code="a">Current.</subfield></datafield><datafield ind1="1" ind2="3" tag="246"><subfield code="a">Current of the Township of Hamilton, Egg Harbor City</subfield></datafield><datafield ind1=" " ind2=" " tag="260"><subfield code="a">Egg Harbor Township, NJ :</subfield><subfield code="b">Catamaran Media</subfield></datafield><datafield ind1=" " ind2=" " tag="300"><subfield code="a">v.</subfield></datafield><datafield ind1=" " ind2=" " tag="310"><subfield code="a">Weekly</subfield></datafield><datafield ind1="1" ind2=" " tag="362"><subfield code="a">Began in 1997.</subfield></datafield><datafield ind1=" " ind2=" " tag="588"><subfield code="a">Description based on surrogate of: Vol. 1, no. 32 (June 5, 1998).</subfield></datafield><datafield ind1=" " ind2=" " tag="752"><subfield code="a">United States</subfield><subfield code="b">New Jersey</subfield><subfield code="c">Atlantic</subfield><subfield code="d">Egg Harbor Township.</subfield></datafield></record>